@article{Palubicki2009,
 author = {Palubicki, Wojciech and Horel, Kipp and Longay, Steven and Runions, Adam and Lane, Brendan and M\v{e}ch, Radom\'{\i}r and Prusinkiewicz, Przemyslaw},
 title = {Self-organizing Tree Models for Image Synthesis},
 journal = {ACM Trans. Graph.},
 issue_date = {August 2009},
 volume = {28},
 number = {3},
 month = jul,
 year = {2009},
 issn = {0730-0301},
 pages = {58:1--58:10},
 articleno = {58},
 numpages = {10},
 url = {http://doi.acm.org/10.1145/1531326.1531364},
 doi = {10.1145/1531326.1531364},
 acmid = {1531364},
 publisher = {ACM},
 address = {New York, NY, USA},
 keywords = {apical control, bud fate, emergence, generative tree model, interactive-procedural modeling, tree development},
}
